@article{DBLP:journals/datamine/WickerK17,
  author    = {J{\"{o}}rg Wicker and
               Stefan Kramer},
  title     = {The best privacy defense is a good privacy offense: obfuscating a
               search engine user's profile},
  journal   = {Data Min. Knowl. Discov.},
  volume    = {31},
  number    = {5},
  pages     = {1419--1443},
  year      = {2017},
  url       = {https://doi.org/10.1007/s10618-017-0524-z},
  doi       = {10.1007/s10618-017-0524-z},
  timestamp = {Sat, 16 Sep 2017 12:04:54 +0200},
  biburl    = {http://dblp.org/rec/bib/journals/datamine/WickerK17},
  bibsource = {dblp computer science bibliography, http://dblp.org}
}