@online{breach_image,
	author = {Taylor Armerding},
	title = {The 16 biggest data breaches of the 21st century},
	date = {11/10/2017},
	url = {https://www.csoonline.com/article/2130877/data-breach/the-16-biggest-data-breaches-of-the-21st-century.html},
}
